@inproceedings{biere99symbolic,
  author    = {A. Biere and A. Cimatti and E. Clarke and Y. Zhu},
  title     = {Symbolic Model Checking without {BDD}s},
  booktitle = {Proc.\ TACAS 1999},
  volume    = {1579},
  series    = {LNCS},
  pages     = {193--207},
  publisher = {Springer},
  year      = {1999}
}

@inproceedings{gopalakrishnan04qb,
  author    = {Ganesh Gopalakrishnan and Yue Yang and Hemanthkumar
                  Sivaraj},
  title     = {{QB} or Not {QB}: An Efficient Execution Verification
                  Tool for Memory Orderings},
  booktitle = {Proc.\ CAV 2004},
  volume    = {3114},
  series    = {LNCS},
  pages     = {47--49},
  publisher = {Springer},
  year      = {2004}
}

@inproceedings{hanna05bounded,
  author    = {Z. Hanna and N. Dershowitz and J. Katz},
  title     = {Bounded Model Checking with {QBF}},
  booktitle = {Proc.\ SAT 2005},
  volume    = {3569},
  series    = {LNCS},
  pages     = {408--414},
  publisher = {Springer Verlag},
  year      = {2005}
}

@article{benedetti08qbf,
  author    = {Marco Benedetti and Hratch Mangassarian},
  title     = {{QBF}-Based Formal Verification: Experience and
                  Perspectives},
  journal   = {JSAT},
  volume    = {5},
  number    = {1--4},
  year      = {2008},
  pages     = {133--191},
  ee        =
                  {http://jsat.ewi.tudelft.nl/content/volume5/JSAT5_6_Benedetti.pdf},
  bibsource = {DBLP, http://dblp.uni-trier.de}
}

@inproceedings{stockmeyer73word,
  author    = {L. J. Stockmeyer and A. R. Meyer},
  title     = {Word problems requiring exponential time},
  booktitle = {Proc. 5th Annual ACM Symp. on Theory of Computing},
  pages     = {1--9},
  year      = {1973}
}

@article{narizzano09evaluating,
  author    = {Massimo Narizzano and Claudia Peschiera and Luca Pulina
                  and Armando Tacchella},
  title     = {Evaluating and certifying {QBF}s: A comparison of
                  state-of-the-art tools},
  journal   = {AI Communications},
  volume    = {22},
  number    = {4},
  year      = {2009},
  pages     = {191--210},
  publisher = {IOS Press}
}

@inproceedings{jussila07first,
  title     = {A First Step Towards a Unified Proof Checker for {QBF}},
  author    = {Toni Jussila and Armin Biere and Carsten Sinz and
                  Daniel Kr{\"o}ning and Christoph M. Wintersteiger},
  booktitle = {Proc.\ SAT 2007},
  volume    = {4501},
  series    = {LNCS},
  pages     = {201--214},
  publisher = {Springer},
  year      = {2007}
}

@inproceedings{slind08brief,
  author    = {Konrad Slind and Michael Norrish},
  title     = {A Brief Overview of {HOL4}},
  year      = {2008},
  pages     = {28--32},
  crossref  = {DBLP:conf/tphol/2008}
}

@incollection{gordon94hol,
  author    = {Michael J. C. Gordon and Andrew M. Pitts},
  title     = {The {HOL} Logic and System},
  booktitle = {Towards Verified Systems},
  chapter   = {3},
  series    = {Real-Time Safety Critical Systems Series},
  volume    = {2},
  publisher = {Elsevier},
  year      = {1994},
  pages     = {49--70}
}

@book{gordon79lcf,
  author    = {Michael Gordon and Robin Milner and Christopher P. Wadsworth},
  title     = {{Edinburgh LCF}: A Mechanised Logic of Computation},
  volume    = 78,
  series    = {LNCS},
  publisher = {Springer},
  year      = 1979
}

@incollection{gordon00from,
  author    = {Gordon, Mike},
  title     = {From {LCF} to {HOL}: a short history},
  booktitle = {Proof, language, and interaction: essays in honour of
                  Robin Milner},
  year      = {2000},
  pages     = {169--185},
  publisher = {MIT Press}
}

@inproceedings{bertot08short,
  author    = {Yves Bertot},
  title     = {A Short Presentation of {Coq}},
  year      = {2008},
  pages     = {12--16},
  crossref  = {DBLP:conf/tphol/2008},
}

@inproceedings{wenzel08isabelle,
  author    = {Makarius Wenzel and Lawrence C. Paulson and Tobias
                  Nipkow},
  title     = {The {Isabelle} Framework},
  year      = {2008},
  pages     = {33--38},
  crossref  = {DBLP:conf/tphol/2008}
}

@inproceedings{owre08brief,
  author    = {Sam Owre and Natarajan Shankar},
  title     = {A Brief Overview of {PVS}},
  year      = {2008},
  pages     = {22--27},
  crossref  = {DBLP:conf/tphol/2008}
}

@article{weber09efficiently,
  author  = {Tjark Weber and Hasan Amjad},
  title   = {Efficiently Checking Propositional Refutations in {HOL}
                  Theorem Provers},
  journal = {Journal of Applied Logic},
  volume  = {7},
  number  = {1},
  pages   = {26--40},
  year    = {2009},
  hideurl = {http://dx.doi.org/10.1016/j.jal.2007.07.003}
}

@inproceedings{ge08proof,
  author    = {Yeting Ge and Clark Barrett},
  title     = {Proof Translation and {SMT-LIB} Benchmark
                  Certification: A Preliminary Report},
  booktitle = {6th International Workshop on Satisfiability Modulo
                  Theories (SMT 2008)},
  year      = {2008}
}

@inproceedings{boehme10fast,
  author    = {Sascha B{\"o}hme and Tjark Weber},
  title     = {Fast {LCF}-Style Proof Reconstruction for {Z3}},
  booktitle = {Proc.\ ITP 2010},
  volume    = {6172},
  series    = {LNCS},
  pages     = {179--194},
  publisher = {Springer},
  year      = {2010},
  hideurl   = {http://dx.doi.org/10.1007/978-3-642-14052-5_14}
}

@inproceedings{kumar91integrating,
  author    = {Ramayya Kumar and Thomas Kropf and Klaus Schneider},
  title     = {Integrating a First-Order Automatic Prover in the {HOL}
                  Environment},
  editor    = {Myla Archer and Jeffrey J. Joyce and Karl N. Levitt and
                  Phillip J. Windley},
  booktitle = {Proceedings of the 1991 International Workshop on the
               {HOL} Theorem Proving System and its Applications},
  pages     = {170--176},
  publisher = {IEEE Computer Society},
  year      = {1992}
}

@inproceedings{hurd02lcfstyle,
  author    = {Joe Hurd},
  title     = {An {LCF}-Style Interface between {HOL} and First-Order
                  Logic},
  booktitle = {Proc.\ CADE-18},
  volume    = {2392},
  series    = {LNCS},
  pages     = {134--138},
  publisher = {Springer},
  year      = {2002}
}

@article{meng08translating,
  author    = {Jia Meng and Lawrence C. Paulson},
  title     = {Translating Higher-Order Clauses to First-Order
                  Clauses},
  journal   = {Journal of Automated Reasoning},
  publisher = {Springer},
  number    = {1},
  pages     = {35--60},
  volume    = {40},
  year      = {2008}
}

@inproceedings{letz02lemma,
  title     = {Lemma and Model Caching in Decision Procedures for
                  Quantified Boolean Formulas},
  author    = {Reinhold Letz},
  booktitle = {Automated Reasoning with Analytic Tableaux and Related
                  Methods},
  volume    = {2381},
  series    = {LNCS},
  pages     = {5--15},
  publisher = {Springer},
  year      = {2002}
}

@inproceedings{pulina09learning,
  author    = {Luca Pulina and Armando Tacchella},
  title     = {Learning to Integrate Deduction and Search in Reasoning
                  about Quantified Boolean Formulas},
  booktitle = {Proc.\ FroCoS 2009},
  volume    = {5749},
  series    = {LNCS},
  pages     = {350--365},
  publisher = {Springer},
  year      = {2009},
  ee        = {http://dx.doi.org/10.1007/978-3-642-04222-5_22},
  bibsource = {DBLP, http://dblp.uni-trier.de}
}

@article{narizzano06report,
  author    = {Massimo Narizzano and Luca Pulina and Armando
                  Tacchella},
  title     = {Report of the Third {QBF} Solvers Evaluation},
  journal   = {JSAT},
  volume    = {2},
  number    = {1--4},
  year      = {2006},
  pages     = {145--164}
}

@inproceedings{weber10validating,
  author    = {Tjark Weber},
  title     = {Validating {QBF} Invalidity in {HOL4}},
  booktitle = {Proc.\ ITP 2010},
  volume    = {6172},
  series    = {LNCS},
  pages     = {466--480},
  publisher = {Springer},
  year      = {2010},
  hideurl   = {http://dx.doi.org/10.1007/978-3-642-14052-5_32}
}

@article{buening95resolution,
  author    = {Hans Kleine B{\"u}ning and Marek Karpinski and Andreas
                  Fl{\"o}gel},
  title     = {Resolution for Quantified Boolean Formulas},
  journal   = {Information and Computation},
  volume    = {117},
  number    = {1},
  year      = {1995},
  pages     = {12--18}
}

@techreport{amjad04combining,
  author      = {Hasan Amjad},
  title       = {Combining model checking and theorem proving},
  institution = {University of Cambridge Computer Laboratory},
  year        = {2004},
  number      = {UCAM-CL-TR-601}
}

@techreport{ballarin99computer,
  author      = {Clemens Ballarin},
  title       = {Computer Algebra and Theorem Proving},
  institution = {University of Cambridge Computer Laboratory},
  year        = {1999},
  number      = {UCAM-CL-TR-473}
}

@inproceedings{boldo09combining,
  author    = {Sylvie Boldo and Jean-Christophe Filli{\^a}tre and
                  Guillaume Melquiond},
  title     = {Combining {Coq} and {Gappa} for Certifying
                  Floating-Point Programs},
  booktitle = {Proc.\ MKM/Calculemus 2009},
  volume    = {5625},
  series    = {LNCS},
  pages     = {59--74},
  publisher = {Springer},
  year      = {2009}
}

@misc{qdimacs05standard,
  author = {},
  title  = {{QDIMACS} standard Version 1.1},
  key    = {QDIMACS},
  year   = {2005},
  note   = {Released on December~21, 2005. Retrieved February~20, 2011
                  from \url{http://www.qbflib.org/qdimacs.html}}
}

@misc{dimacs93satisfiability,
  author = {},
  title  = {{DIMACS} Satisfiability Suggested Format},
  key    = {DIMACS},
  year   = {1993},
  note   = {Retrieved February~20, 2011 from
                  \url{ftp://dimacs.rutgers.edu/pub/challenge/satisfiability/doc}}
}

@misc{kroening07file,
  author = {Daniel Kroening and Christoph M. Wintersteiger},
  title  = {A File Format for {QBF} Certificates},
  year   = {2007},
  note   = {Retrieved February~20, 2011 from
                  \url{http://www.cprover.org/qbv/download/qbcformat.pdf}}
}

@article{church40formulation,
  author  = {Alonzo Church},
  title   = {A formulation of the simple theory of types},
  journal = {Journal of Symbolic Logic},
  volume  = {5},
  pages   = {56--68},
  year    = {1940}
}

@inproceedings{damas82principal,
  author    = {Lu\'{\i}s Damas and Robin Milner},
  title     = {Principal Type-Schemes for Functional Programs},
  booktitle = {POPL},
  year      = {1982},
  pages     = {207--212},
  bibsource = {DBLP, http://dblp.uni-trier.de}
}

@book{milner97definition,
  author    = {Robin Milner and Mads Tofte and Robert Harper and David
                  MacQueen},
  title     = {The Definition of {Standard ML}~-- Revised},
  year      = {1997},
  publisher = {MIT Press}
}

@inproceedings{een03extensible,
  author    = {Niklas E{\'e}n and Niklas S{\"o}rensson},
  title     = {An Extensible {SAT}-solver},
  booktitle = {Proc.\ SAT 2003},
  volume    = {2919},
  series    = {LNCS},
  pages     = {502--518},
  publisher = {Springer},
  year      = {2003}
}

@inproceedings{barras00programming,
  author    = {Bruno Barras},
  title     = {Programming and Computing in {HOL}},
  booktitle = {Proc.\ TPHOLs 2000},
  volume    = {1869},
  series    = {LNCS},
  pages     = {17--37},
  publisher = {Springer},
  year      = {2000}
}

@misc{hol11sourceforge,
  author = {{HOL4 contributors}},
  title  = {{HOL4 Kananaskis 6} Source Code},
  year   = {2011},
  note   = {Retrieved February~20, 2011 from
                  \url{http://hol.sourceforge.net/}}
}

@inproceedings{buening04models,
  author    = {Hans Kleine B{\"u}ning and Xishun Zhao},
  title     = {On Models for Quantified {Boolean} Formulas},
  editor    = {Wolfgang Lenski},
  booktitle = {Logic versus Approximation},
  volume    = {3075},
  series    = {LNCS},
  pages     = {18--32},
  publisher = {Springer},
  year      = {2004}
}

@techreport{harrison95metatheory,
  author      = {John Harrison},
  title       = {Metatheory and Reflection in Theorem Proving: A
                  Survey and Critique},
  institution = {SRI Cambridge},
  year        = {1995},
  number      = {CRC-053},
  note        = {Retrieved February~20, 2011 from
                  \url{http://www.cl.cam.ac.uk/~jrh13/papers/reflect.dvi.gz}}
}

@proceedings{DBLP:conf/tphol/2008,
  editor    = {Otmane A\"{\i}t Mohamed and C{\'e}sar Mu{\~n}oz and
                  Sofi{\`e}ne Tahar},
  title     = {Theorem Proving in Higher Order Logics, 21st
                  International Conference, TPHOLs 2008, Montreal,
                  Canada, August 18-21, 2008. Proceedings},
  publisher = {Springer},
  series    = {LNCS},
  volume    = {5170},
  year      = {2008}
}

@article{AkbarpourP10,
  author    = {Behzad Akbarpour and Lawrence C. Paulson},
  title     = {{MetiTarski}: An Automatic Theorem Prover for
                  Real-Valued Special Functions},
  journal   = {J. Autom. Reasoning},
  volume    = {44},
  number    = {3},
  year      = {2010},
  pages     = {175-205},
  ee        = {http://dx.doi.org/10.1007/s10817-009-9149-2},
  bibsource = {DBLP, http://dblp.uni-trier.de}
}

@ARTICLE{harrison-cj95,
        author          = "John Harrison",
        title           = "Binary Decision Diagrams as a {HOL} Derived Rule",
        journal         = "The Computer Journal",
        year            = 1995,
        volume          = "38",
        pages           = "162--170"}
